# 在此直接复制GB/T 7714－2015 bib条目，第一行内容为在正文引用\cite{}的关键词
# 推荐使用百度学术生成GB/T 7714－2015 bib条目


@article{2015Enhancement,
  title={Enhancement of thermoelectric power factor in CrSi2 film via Si:B addition},
  author={ Hou, Q. R.  and  Gu, B. F.  and  Chen, Y. B. },
  journal={International Journal of Modern Physics B},
  volume={29},
  number={27},
  pages={269-},
  year={2015},
}